@article{misc:1968:peterson,
        author = "Peterson, L. R. AND Green, A. E. S.",
        TITLE = "The Relation Between Ionization Yields, Cross Sections, and Loss Functions",
        journal = "Journal of Physics B, Atomic and Molecular Physics",
	note = "series 2",
        volume = 1,
        number = 6,
        pages = "1131--1140",
        year = 1968
        }
@book{book:1991:raizer,
        author = "Raizer, Yu. P.",
        title = "Gas Discharge Physics",
        publisher = "Springer-Verlag",
	address = "Berlin, Germany",
        year = 1991
        }
@article{tvt:1989:raizer,
        author = "Raizer, Y. P. AND Shneider, M. N.",
        TITLE = "Electrodeless Capacitive Discharge Sustained by Repetitive High-Voltage Pulses",
        journal = "Teplofizika Vysokikh Temperatur",
        volume = 27,
        number = 3,
        note = "English translation.",
        pages = "431--438",
        year = 1989
        }

