@article{jpp:1997:riggins,
        author = "Riggins, D. W. AND McClinton, C. R. AND Vitt, P. H.",
        TITLE = "Thrust Losses in Hypersonic Engines Part 1: Methodology",
        journal = "Journal of Propulsion and Power",
        volume = 13,
        number = 2,
        year = 1997,
        pages = "281--287"
        }
@book{book:1994:pratt,
        author = "Pratt, D. T. AND Heiser, W. H.",
        TITLE = "Hypersonic Airbreathing Propulsion",
        publisher = "AIAA Education Series",
        year = 1994
        }
