@Book{axi:anderson,
  author = 	 {J.D. Anderson Jr.},
  ALTeditor = 	 {},
  title = 	 {Modern Compressible Flow},
  publisher = 	 {McGraw-Hill},
  year = 	 {1982},
  OPTkey = 	 {},
  OPTvolume = 	 {},
  OPTnumber = 	 {},
  OPTseries = 	 {},
  OPTaddress = 	 {},
  OPTedition = 	 {},
  OPTmonth = 	 {},
  OPTnote = 	 {},
  OPTannote = 	 {}
}

@Book{axi:schetz,
  author = 	 {Joseph A. Schetz},
  ALTeditor = 	 {},
  title = 	 {Boundary Layer Analysis},
  publisher = 	 {Prentice Hall},
  year = 	 {1993},
  OPTkey = 	 {},
  OPTvolume = 	 {},
  OPTnumber = 	 {},
  OPTseries = 	 {},
  OPTaddress = 	 {},
  OPTedition = 	 {},
  OPTmonth = 	 {},
  OPTnote = 	 {},
  OPTannote = 	 {}
}


@Book{axi:andersonold,
  author = 	 {J.D. Anderson Jr.},
  ALTeditor = 	 {},
  title = 	 {Fundamentals of Aerodynamics},
  publisher = 	 {McGraw-Hill},
  year = 	 {1991},
  OPTkey = 	 {},
  OPTvolume = 	 {},
  OPTnumber = 	 {},
  OPTseries = 	 {},
  OPTaddress = 	 {},
  edition = 	 {2},
  OPTmonth = 	 {},
  OPTnote = 	 {},
  OPTannote = 	 {}
}

@Book{axi:schlich,
  author = 	 {Dr. Hermann Schlichting},
  ALTeditor = 	 {},
  title = 	 {Boundary-Layer Theory},
  publisher = 	 {McGraw-Hill},
  year = 	 {1968},
  OPTkey = 	 {},
  OPTvolume = 	 {},
  OPTnumber = 	 {},
  OPTseries = 	 {},
  OPTaddress = 	 {},
  edition = 	 {1},
  OPTmonth = 	 {},
  note = 	 {Translated by Dr. J. Kestin},
  OPTannote = 	 {}
}

@Book{axi:oswatitsch,
  author = 	 {Klaus Oswatitsch},
  ALTeditor = 	 {},
  title = 	 {Gas Dynamics},
  publisher = 	 {Academic Press Inc.},
  year = 	 {1956},
  OPTkey = 	 {},
  OPTvolume = 	 {},
  OPTnumber = 	 {},
  OPTseries = 	 {},
  OPTaddress = 	 {},
  OPTedition = 	 {},
  OPTmonth = 	 {},
  OPTnote = 	 {},
  OPTannote = 	 {}
}

@TechReport{axi:groth,
  author = 	 {C.P.T. Groth, D.W. Zingg, and G.W. Johnston},
  title = 	 {A Critical Assessment of Turbulence Models fo Internal Flows},
  institution =  {Institute for Aerospace Studies, University of Toronto},
  year = 	 {1991},
  OPTkey = 	 {},
  OPTtype = 	 {},
  OPTnumber = 	 {},
  OPTaddress = 	 {},
  month = 	 {April},
  note = 	 {for Pratt & Whitney Canada},
  OPTannote = 	 {}
}

@Book{math:thompson,
  author = 	 {Philip A. Thompson},
  ALTeditor = 	 {},
  title = 	 {Compressible-Fluid Dynamics},
  publisher = 	 {McGraw-Hill},
  year = 	 {1972},
  OPTkey = 	 {},
  OPTvolume = 	 {},
  OPTnumber = 	 {},
  OPTseries = 	 {},
  OPTaddress = 	 {},
  OPTedition = 	 {},
  OPTmonth = 	 {},
  OPTnote = 	 {},
  OPTannote = 	 {}
}

@Book{math:calculus,
  author = 	 {James Stewart},
  ALTeditor = 	 {},
  title = 	 {Calculus},
  publisher = 	 {Brooks/Cole},
  year = 	 {1991},
  OPTkey = 	 {},
  OPTvolume = 	 {},
  OPTnumber = 	 {},
  OPTseries = 	 {},
  OPTaddress = 	 {},
  edition = 	 {2},
  OPTmonth = 	 {},
  note = 	 {English Version by Gustav Kuerti},
  OPTannote = 	 {}
}

@TechReport{val:kopal,
  author = 	 {Zden\v{e}k Kopal},
  title = 	 {Tables of Supersonic Flow Around Cones},
  institution =  {Massachusetts Institute of Technology},
  year = 	 {1947},
  OPTkey = 	 {},
  OPTtype = 	 {},
  number = 	 {1},
  OPTaddress = 	 {},
  OPTmonth = 	 {},
  OPTnote = 	 {},
  OPTannote = 	 {}
}

@Article{val:horstman,
  author = 	 {C.C. Horstman and F.K. Owen},
  title = 	 {Turbulent Properties of a Compressible Boundary Layer},
  journal = 	 {AIAA Journal},
  year = 	 {1972},
  OPTkey = 	 {},
  volume = 	 {10},
  number = 	 {11},
  pages = 	 {1418-1424},
  month = 	 {November},
  OPTnote = 	 {},
  OPTannote = 	 {}
}

@TechReport{val:kussoy,
  author = 	 {M.I. Kussoy and C.C. Horstman},
  title = 	 {Documentation of Two- and Three-Dimensional Hypersonic Shock Wave/Turbulent Boundary Layer Interaction Flows},
  institution =  {NASA Ames Research Center},
  year = 	 {1989},
  OPTkey = 	 {},
  OPTtype = 	 {},
  number = 	 {TM-101075},
  OPTaddress = 	 {},
  month = 	 {January},
  OPTnote = 	 {},
  OPTannote = 	 {}
}

@PhdThesis{val:vas,
  author = 	 {Irwin E. Vas},
  title = 	 {An Experimental Study of the Flow about a Slender Cone at Hypersonic Speeds},
  school = 	 {New York University},
  year = 	 {1970},
  OPTkey = 	 {},
  OPTtype = 	 {},
  address = 	 {Dept. of Aeronautics and Astronautics},
  month = 	 {May},
  OPTnote = 	 {},
  OPTannote = 	 {}
}

@Article{val:vas2,
  author = 	 {Irwin E. Vas},
  title = 	 {Flowfield Measurements Using a Total Temperature Probe at Hypersonic Speeds},
  journal = 	 {AIAA Journal},
  year = 	 {1972},
  OPTkey = 	 {},
  volume = 	 {10},
  number = 	 {3},
  pages = 	 {317-323},
  month = 	 {March},
  OPTnote = 	 {},
  OPTannote = 	 {}
}

@Book{turb:hinze,
  author = 	 {J. O. Hinze},
  ALTeditor = 	 {},
  title = 	 {Turbulence},
  publisher = 	 {McGraw Hill},
  year = 	 {1975},
  OPTkey = 	 {},
  OPTvolume = 	 {},
  OPTnumber = 	 {},
  OPTseries = 	 {},
  OPTaddress = 	 {},
  edition = 	 {2},
  OPTmonth = 	 {},
  OPTnote = 	 {},
  OPTannote = 	 {}
}

@Article{turb:wilcox,
  author = 	 {David C. Wilcox},
  title = 	 {Reassessment of the Scale-Determining Equation for Advanced Turbulence Models},
  journal = 	 {AIAA Journal},
  year = 	 {1988},
  OPTkey = 	 {},
  volume = 	 {26},
  number = 	 {11},
  pages = 	 {1299-1310},
  month = 	 {November},
  OPTnote = 	 {},
  OPTannote = 	 {}
}

@Article{turb:wilcox2,
  author = 	 {David C. Wilcox},
  title = 	 {Dilatational-Dissipation Corrections for Advanced Turbulence Models},
  journal = 	 {AIAA Journal},
  year = 	 {1992},
  OPTkey = 	 {},
  volume = 	 {30},
  number = 	 {11},
  pages = 	 {2639-2645},
  month = 	 {November},
  OPTnote = 	 {},
  OPTannote = 	 {}
}

@TechReport{turb:sislian,
  author = 	 {J.P. Sislian},
  title = 	 {Equations fo Motion and Two-Equation Turbulence Model for Plane or Axisymmetric Turbulent Flows in Body-Oriented Orthogonal Curvilinear Coordinates and Mass-Averaged Dependent Variables},
  institution =  {University of Toronto},
  year = 	 {1978},
  OPTkey = 	 {},
  OPTtype = 	 {},
  number = 	 {NAS1-14843},
  OPTaddress = 	 {},
  OPTmonth = 	 {},
  note = 	 {for Langley Research Center},
  OPTannote = 	 {}
}

@Unpublished{turb:bern,
  author = 	 {Bernard Parent},
  title = 	 {From the Navier-Stokes Equations to the Favre Averaged Equations},
  note = 	 {},
  OPTkey = 	 {},
  month = 	 {May-July},
  year = 	 {2000},
  OPTannote = 	 {}
}

