@article{misc:1994:sawley,
        author = "Sawley, M. L. AND Tegner, J. K.",
        TITLE = "A Data Parallel Approach to Multi-Block Flow Computations",
        journal = ijnmf,
        year = 1994,
        volume = 19,
        number=8,
        pages="707--721"
        }
@article{jcp:1994:rosenfeld,
        author = "Rosenfeld, Moshe",
        TITLE = "The Alternating Direction Multi-zone Implicit Method",
        journal = jcp,
        year = 1994,
        volume = 110,
        pages = "212--220"
        }
@article{aiaa:1997:nakahashi,
        author = "Nakahashi, K. AND Saitoh, E.",
        TITLE = "Space-Marching Method on Unstructured Grid for Supersonic
	         Flows with Embedded Subsonic Regions",
        journal = aiaa,
        volume = 35,
	number = 8,
        pages = "1280--1285",
        year = 1997
        }
@conference{aiaaconf:1978:vigneron,
        author = "Vigneron, Y. C. AND Rakich, J. V. AND Tannehill, J. C.",
        TITLE = "Calculations of Supersonic Viscous Flow Over Delta
                 Wings with Sharp Subsonic Leading Edges",
        note = "AIAA Paper 78-1137",
        year = 1978
        }
@article{jcp:2002:parent,
	author= "Parent, B. AND Sislian, J. P.",
	TITLE = "The Use of Domain Decomposition in Accelerating the
	         Convergence of Quasi-Hyperbolic Systems",
	journal = "Journal of Computational Physics",
        volume = 179,
        number = 1,
        pages = "140--169"
	}

