@MastersThesis{noz:dude,
  author = 	 {Rudy Dudebout},
  title = 	 {Axisymmetric Hypersonic Contoured Nozzle Design},
  school = 	 {University of Toronto},
  year = 	 {1989},
  OPTkey = 	 {},
  OPTtype = 	 {},
  address = 	 {Institute for Aerospace Studies},
  month = 	 {August},
  OPTnote = 	 {},
  OPTannote = 	 {}
}

@Book{noz:zucrow1,
  author = 	 {Maurice J. Zucrow and Joe D. Hoffman},
  ALTeditor = 	 {},
  title = 	 {Gas Dynamics:Multidimensional Flow},
  publisher = 	 {John Wiley and Sons},
  year = 	 {1977},
  OPTkey = 	 {},
  volume = 	 {2},
  OPTnumber = 	 {},
  OPTseries = 	 {},
  OPTaddress = 	 {},
  OPTedition = 	 {},
  OPTmonth = 	 {},
  OPTnote = 	 {},
  OPTannote = 	 {}
}

@Book{noz:zucrow2,
  author = 	 {Maurice J. Zucrow and Joe D. Hoffman},
  ALTeditor = 	 {},
  title = 	 {Gas Dynamics},
  publisher = 	 {John Wiley and Sons},
  year = 	 {1976},
  OPTkey = 	 {},
  volume = 	 {1},
  OPTnumber = 	 {},
  OPTseries = 	 {},
  OPTaddress = 	 {},
  OPTedition = 	 {},
  OPTmonth = 	 {},
  OPTnote = 	 {},
  OPTannote = 	 {}
}

@Article{noz:sivells,
  author = 	 {James C. Sivells},
  title = 	 {Aerodynamic Design of Axisymmetric Hypersonic Wind-Tunnel Nozzles},
  journal = 	 {Journal of Spacecraft},
  year = 	 {1970},
  OPTkey = 	 {},
  OPTvolume = 	 {},
  OPTnumber = 	 {},
  pages = 	 {1292-1299},
  month = 	 {November},
  OPTnote = 	 {},
  OPTannote = 	 {}
}

@Article{noz:foel,
  author = 	 {Kuno Foelsch},
  title = 	 {The Analytical Design of an Axially Symmetric Laval Nozzle for a Parallel and Uniform Jet},
  journal = 	 {Journal of the Aeronautical Sciences},
  year = 	 {1949},
  OPTkey = 	 {},
  OPTvolume = 	 {},
  OPTnumber = 	 {},
  pages = 	 {161-188},
  month = 	 {March},
  OPTnote = 	 {},
  OPTannote = 	 {}
}

@Article{noz:kliegel,
  author = 	 {J. R. Kliegel and J. N. Levine},
  title = 	 {Transonic Flow in Small Throat Radius of Curvature Nozzles},
  journal = 	 {AIAA Journal},
  year = 	 {1969},
  OPTkey = 	 {},
  volume = 	 {7},
  number = 	 {7},
  pages = 	 {1375-1378},
  month = 	 {July},
  OPTnote = 	 {},
  OPTannote = 	 {}
}

@TechReport{noz:simeon,
  author = 	 {G. Simeonides},
  title = 	 {The Aerodynamic Design of Hypersonic Contoured Axisymmetric Nozzles Including Real Gas Effects},
  institution =  {von Karman Institute for Fluid Dynamics},
  year = 	 {1987},
  OPTkey = 	 {},
  OPTtype = 	 {},
  OPTnumber = 	 {},
  address = 	 {Rhode Saint Genese Belgium},
  month = 	 {March},
  note = 	 {Technical Memorandum 43},
  OPTannote = 	 {}
}

@TechReport{noz:evvard,
  author = 	 {John C. Evvard and Stephen H. Maslen},
  title = 	 {Three-Dimensional Supersonic Nozzles and Inlets of Arbitrary Exit Cross Section},
  institution =  {National Advisory Committee for Aeronautics},
  year = 	 {1952},
  OPTkey = 	 {},
  OPTtype = 	 {},
  address = 	 {Lewis Flight Propulsion Laboratory},
  month = 	 {April},
  note = 	 {NACA TN 2688},
  OPTannote = 	 {}
}

@TechReport{noz:eden,
  author = 	 {Emmett E. Edenfield},
  title = 	 {Design of a High Reynolds Number Mach Number 8 Contoured Nozzle for the Hypersonic Wind Tunnel (F)},
  institution =  {Arnold Engineering Development Centre},
  year = 	 {1972},
  OPTkey = 	 {},
  OPTtype = 	 {},
  OPTnumber = 	 {},
  address = 	 {Arnold Air Force Station, Tennessee},
  month = 	 {August},
  note = 	 {AEDC-TR-72-48},
  OPTannote = 	 {}
}

@Unpublished{noz:sislian,
  author = 	 {J. P. Sislian},
  title = 	 {Airbreathing Propulsion Notes},
  note = 	 {University of Toronto Institute for Aerospace Studies},
  OPTkey = 	 {},
  OPTmonth = 	 {},
  year = 	 {1999},
  OPTannote = 	 {}
}


@InBook{noz:gardiner,
  ALTauthor = 	 {},
  editor = 	 {W. C. Gardiner Jr.},
  title = 	 {Combustion Chemistry},
  chapter = 	 {2},
  publisher = 	 {Springer-Verlag},
  year = 	 {1984},
  OPTkey = 	 {},
  OPTvolume = 	 {},
  OPTnumber = 	 {},
  OPTseries = 	 {},
  OPTtype = 	 {},
  OPTaddress = 	 {},
  OPTedition = 	 {},
  OPTmonth = 	 {},
  pages = 	 {37-125},
  OPTnote = 	 {},
  OPTannote = 	 {}
}

@TechReport{noz:svehla,
  author = 	 {Roger A. Svehla},
  title = 	 {Estimated Viscosities and Thermal Conductivities of Gases at High Temperatures},
  institution =  {NASA},
  year = 	 {1962},
  OPTkey = 	 {},
  OPTtype = 	 {},
  OPTnumber = 	 {NASA TR R-132},
  OPTaddress = 	 {Lewis Research Center, Cleveland Ohio},
  OPTmonth = 	 {},
  OPTnote = 	 {},
  OPTannote = 	 {}
}

@InBook{ker:launder,
  ALTauthor = 	 {D. T. Pratt},
  editor = 	 {B. E.  Launder},
  title = 	 {Studies in Convection: Theory, Measurement and Applications},
  chapter = 	 {Calculation of Chemically Reacting Flows with Complex Chemistry},
  publisher = 	 {Academic Press},
  year = 	 {1977},
  OPTkey = 	 {},
  volume = 	 {2},
  OPTnumber = 	 {},
  OPTseries = 	 {},
  OPTtype = 	 {},
  OPTaddress = 	 {},
  OPTedition = 	 {},
  OPTmonth = 	 {},
  pages = 	 {191-221},
  OPTnote = 	 {},
  OPTannote = 	 {}
}

@TechReport{ker:nasa,
  author = 	 {Bonnie J. McBride and Sanford Gordon and Martin A. Reno},
  title = 	 {Coefficients for Calculating Thermodynamic and Transport Properties of Individual Species},
  institution =  {NASA},
  year = 	 {1993},
  OPTkey = 	 {},
  OPTtype = 	 {},
  number = 	 {NASA TM 4513},
  OPTaddress = 	 {},
  month = 	 {October},
  OPTnote = 	 {},
  OPTannote = 	 {}
}


@Book{ker:calculus,
  author = 	 {James Stewart},
  ALTeditor = 	 {},
  title = 	 {Calculus},
  publisher = 	 {Brooks/Cole Publishing Company},
  year = 	 {1991},
  OPTkey = 	 {},
  OPTvolume = 	 {},
  OPTnumber = 	 {},
  OPTseries = 	 {},
  address = 	 {McMaster University},
  edition = 	 {2},
  OPTmonth = 	 {},
  OPTnote = 	 {},
  OPTannote = 	 {}
}

@InBook{ker:hill,
  author = 	 {Philip Hill and Carl Peterson},
  ALTeditor = 	 {},
  title = 	 {Mechanics and Thermodynamics of Propulsion},
  chapter = 	 {12},
  publisher = 	 {Addison-Wesley},
  year = 	 {1992},
  OPTkey = 	 {},
  OPTvolume = 	 {},
  OPTnumber = 	 {},
  OPTseries = 	 {},
  OPTtype = 	 {},
  OPTaddress = 	 {},
  edition = 	 {2},
  OPTmonth = 	 {},
  pages = 	 {569-614},
  OPTnote = 	 {},
  OPTannote = 	 {}
}

@MastersThesis{ker:fusina,
  author = 	 {Giovanni Fusina},
  title = 	 {An Investigation of Standing Oblique Detonation Waves with Hydrogen-Air Equilibrium Chemical Reactions},
  school = 	 {University of Toronto},
  year = 	 {1995},
  OPTkey = 	 {},
  OPTtype = 	 {},
  address = 	 {Institute for Aerospace Studies},
  month = 	 {April},
  OPTnote = 	 {},
  OPTannote = 	 {}
}

