@article{jcp:1980:briley,
        author = "Briley, W. R. AND McDonald, H.",
        TITLE = "On the structure and use of linearized block implicit schemes",
        journal = "Journal of Computational Physics",
        year = 1980,
        volume = 34,
	number = 1,
        pages="54--73"
        }
@article{moc:1950:frankel,
        author = "Frankel, S.",
        TITLE = "Convergence Rates of Iterative Treatments of Partial Differential Equations",
        journal = "Mathematics of Computation" ,
        year = 1950,
        volume = 4,
        pages = "56--75"
        }

@phdthesis{thesis:1950:young,
        title="Iterative Methods for Solving Partial Difference Equations of Elliptic Type",
        year=1950,
        author="Young, David M.",
        month="May",
        school="Harvard University"
        }
@book{book:2001:oran,
        title = "Numerical Simulation of Reactive Flow",
        author = "E. S. Oran and J. P. Boris",
        publisher = "Cambridge University Press",
        address = "New-York, NY",
        year = 2001
        }
@article{misc:1955:peaceman,
        author = "Peaceman, D. W. AND Rachford, H. H.",
        TITLE = "The Numerical Solution of Parabolic  and
                    Elliptic Differential Equations ",
        journal = "J. Soc. Ind. Appl. Math." ,
        year = 1955,
        volume = 3,
        pages = "28--41"
        }
@article{misc:1955:douglas,
        author = "Douglas, Jr., J.",
        TITLE = "On the Numerical Integration of $\partial^2 u / \partial x^2
                    +\partial^2 u / \partial y^2=\partial u / \partial t$
                    by Implicit Methods",
        journal = "J. Soc. Ind. Appl. Math." ,
        year = 1955,
        volume = 3,
        pages = "42--65"
        }
@article{caf:2001:maccormack,
        author = "Maccormack, R. W.",
        TITLE = "Iterative Modified Approximate Factorization",
        journal = "Computers and Fluids" ,
        year = 2001,
        volume = 30,
	number =7,
        pages = "917--925"
        }
@conference{aiaaconf:1987:bardina,
        author = "Bardina, J. E. AND Lombard, C.K.",
        TITLE = "Three Dimensional Hypersonic Flow Simulations with the CSCM Implicit Upwind Navier-Stokes Method",
        booktitle = "Proceedings of the 8th Computational Fluid Dynamics Conference" ,
        note = "AIAA Paper 87-1114" ,
        year = 1987
        }
@conference{aiaaconf:1994:bardina:2,
        author = "Bardina, J. E. AND Coakley, T. J.",
        TITLE = "Three-Dimensional Navier-Stokes Simulations with
                 Two-Equation Turbulence Models of Intersecting
                 Shock-Waves/Turbulent Boundary Layer at Mach 8.3",
        booktitle = "Proceedings of the 12th AIAA Applied Aerodynamics Conference,
                     Colorado Springs, CO" ,
        note = "AIAA Paper 94-1905" ,
        year = 1994
        }
@conference{aiaaconf:1997:maccormack,
        author = "MacCormack, R. W.",
        TITLE = "A New Implicit Algorithm for Fluid Flow",
        booktitle = "Proceedings of the 13th AIAA Computational Fluid
                     Dynamics Conference, Snowmass village, CO",
        note = "AIAA Paper 97-2100",
        year = 1997,
        month = jul
        }
