@article{gen:viviand,
        author = "Viviand, H.",
        TITLE = "Conservative Forms of Gas Dynamics Equations",
        journal = "La Recherche A\'erospatiale" ,
        }
@article{gen:vinokur,
        author = "Vinokur, M.",
        TITLE = "Conservative Equations of Gas-Dynamics in Curvilinear
                 Coordinate Systems",
        journal = "Journal of Computational Physics" ,
        year = 1974,
        volume = 14,
        pages = "105--125"
        }
@article{jcp:2002:visbal,
	author= "Visbal, M. R. AND Gaitonde, D. V.",
	TITLE = "On the Use of Higher-Order Finite-Difference Schemes on Curvilinear
	         and Deforming Meshes",
	journal = jcp,
	year = 2002,
	volume = 181,
        number = 1,
        pages = "155--185"
	}
