@article{jcp:2012:parent,
        author = "Parent, B.",
        TITLE = "Positivity-Preserving High-Resolution Schemes for Systems of Conservation Laws",
        journal = "Journal of Computational Physics",
        year = 2012,
        volume= 231,
        number= 1,
        pages = "173--189"
        }
@article{jcp:2013:parent:2,
        author = "Parent, B.",
        TITLE = "Positivity-Preserving Flux Difference Splitting Schemes",
        journal = "Journal of Computational Physics",
        year = 2013,
        volume= 243,
        pages = "194--209"
        }
@article{jcp:1981:steger,
        author = "Steger, J. L. and R. F. Warming",
        TITLE = "Flux Vector Splitting of the Inviscid Gasdynamic Equations
                   with Application to Finite-Difference Methods",
        journal = "Journal of Computational Physics" ,
        year = 1981,
        volume = 40,
        pages = "263--293"
        }
@article{jcp:1974:vanleer,
        author = "Van Leer, B.",
        TITLE = "Towards the Ultimate Conservation Scheme II. Monotonicity and Conservation Combined in a Second-Order Scheme",
        journal = "Journal of Computational Physics",
        year = 1974,
        volume = 14,
        pages = "361--370"
        }
@article{arfm:1986:roe,
        author = "Roe, P.",
        TITLE = "Characteristic-based Schemes for the Euler Equations",
        journal = "Annual Review of Fluid Mechanics",
        year = 1986,
        volume = 18,
        pages = "337"
        }
@article{aiaa:1986:anderson,
        author = "Anderson, W. K. AND Thomas, J. L. AND Van Leer, B.",
        TITLE = "Comparison of Finite Volume Flux Vector Splittings for the Euler Equations",
        journal = "AIAA Journal",
        volume = 24,
        pages = "1453--1460",
        year = 1986
        }
@article{jcp:1981:roe,
        author = "Roe, P. L.",
        TITLE = "Approximate Riemann Solvers, Parameter Vectors,
                 and Difference Schemes",
        journal = "Journal of Computational Physics",
        volume = 43,
        pages = "357--372",
        year = 1981
        }
@article{jcp:1990:yee,
        author = "Yee, H. C. AND Klopfer, G. H. AND Montagn\'e, J.-L.",
        TITLE = "High-Resolution Shock-Capturing Schemes for Inviscid and Viscous
                 Hypersonic Flows",
        journal = "Journal of Computational Physics",
        volume = 88,
        pages = "31--61",
        year = 1990
        }
@article{jcp:1987:yee,
        author = "Yee, H. C.",
        TITLE = "Construction of Explicit and Implicit Symmetric TVD Schemes and Their Applications",
        journal = "Journal of Computational Physics",
        volume = 68,
        pages = "151--179",
        year = 1987
        }
@techreport{nasa:1989:yee,
        author = "Yee, H. C.",
        TITLE = "A Class of High-Resolution Explicit and Implicit Shock Capturing Methods",
        institution = "NASA",
        type = "TM",
        year = 1989,
        number = 101088
        }
@article{aiaa:2015:parent,
        author = "Parent, B.",
        TITLE = "Multidimensional Flux Difference Splitting Schemes",
        journal = "AIAA Journal",
        volume = 53,
	number =7,
        pages = "1936--1948",
        year = 2015
        }



